@online{BWF2015,
author = {BWF},
title = {Welcome to BWF!},
year = {2015},
url = {http://bwf.tournamentsoftware.com/home.aspx},
}

@online{HMA2015,
author = {hide my ass},
title = {Hide my Ass!},
year = {2015},
url = {http://proxylist.hidemyass.com/},
}

@online{Hand2015,
author = {NTV},
title = {Linksh√§nder denken anders},
year = {2015},
url = {http://www.n-tv.de/wissen/Fakten_und_Mythen/Linkshaender-denken-anders-article11054671.html},
}

@online{PostgreSQL2015,
author = {The PostgreSQL Global Development Group},
title = {PostgreSQL 9.4.1 Documentation},
year = {2015},
url = {http://www.postgresql.org/docs/9.4/static/index.html},
}




